@article {Vogelstein1546,
	author = {Vogelstein, Bert and Papadopoulos, Nickolas and Velculescu, Victor E. and Zhou, Shibin and Diaz, Luis A. and Kinzler, Kenneth W.},
	title = {Cancer Genome Landscapes},
	volume = {339},
	number = {6127},
	pages = {1546--1558},
	year = {2013},
	doi = {10.1126/science.1235122},
	publisher = {American Association for the Advancement of Science},
	issn = {0036-8075},
	URL = {https://science.sciencemag.org/content/339/6127/1546},
	eprint = {https://science.sciencemag.org/content/339/6127/1546.full.pdf},
	journal = {Science}
}

@article{PCAWG,
  author    = {Campbell P.J. and Getz G. and Korbel J.O. and et al},
  title     = {Pan-cancer analysis of whole genomes},
  journal   = {Nature},
  year      = {2020},
  volume    = {578},
  pages     = {82-93},
  url	    = {https://www.nature.com/articles/s41586-020-1969-6},
  ee        = {https://doi.org/10.1038/s41586-020-1969-6}
}

@article{benchmark,
    author = {Pei, Surui and Liu, Tao and Ren, Xue and Li, Weizhong and Chen, Chongjian and Xie, Zhi},
    title = "{Benchmarking variant callers in next-generation and third-generation sequencing analysis}",
    journal = {Briefings in Bioinformatics},
    year = {2020},
    month = {07},
    issn = {1477-4054},
    doi = {10.1093/bib/bbaa148},
    url = {https://doi.org/10.1093/bib/bbaa148},
    note = {bbaa148},
    eprint = {https://academic.oup.com/bib/advance-article-pdf/doi/10.1093/bib/bbaa148/33522687/bbaa148.pdf},
}

@article{giab1,
  title = {Integrating human sequence data sets provides a resource of benchmark SNP and indel genotype calls},
  author = {Zook, J. and Chapman, B. and Wang, J. and others},
  journal = {Nat Biotechnol},
  volume = {32},
  pages = {246-251},
  year = {2014},
  url = {https://doi.org/10.1038/nbt.2835}
}

@article{giab2,
  title = {Extensive sequencing of seven human genomes to characterize benchmark reference materials},
  author = {Zook, J. and Catoe, D. and McDaniel, J. and others},
  journal = {Sci Data},
  volume = {3},
  year = {2016},
  url = {https://doi.org/10.1038/sdata.2016.25}
}

@article{tnscope,
  title={TNscope: Accurate Detection of Somatic Mutations with Haplotype-based Variant Candidate Detection and Machine Learning Filtering},
  author={Freed, Donald and Pan, Renke and Aldana, Rafael},
  journal={bioRxiv},
  pages={250647},
  year={2018},
  publisher={Cold Spring Harbor Laboratory}
}

@article{sentieon,
  title={The Sentieon Genomics Tools-A fast and accurate solution to variant calling from next-generation sequence data},
  author={Freed, Donald and Aldana, Rafael and Weber, Jessica A and Edwards, Jeremy S},
  journal={BioRxiv},
  pages={115717},
  year={2017},
  publisher={Cold Spring Harbor Laboratory}
}

@article{mutec,
  title={Sensitive detection of somatic point mutations in impure and heterogeneous cancer samples},
  author={Cibulskis, Kristian and Lawrence, Michael S and Carter, Scott L and Sivachenko, Andrey and Jaffe, David and Sougnez, Carrie and Gabriel, Stacey and Meyerson, Matthew and Lander, Eric S and Getz, Gad},
  journal={Nature biotechnology},
  volume={31},
  number={3},
  pages={213--219},
  year={2013},
  publisher={Nature Publishing Group}
}

@article{gatk,
  title = {The Genome Analysis Toolkit: a MapReduce framework for analyzing next-generation DNA sequencing data},
  author = {McKenna, A. and Hanna, M. and Banks, E. and others},
  journal = {Genome Research},
  volume = {20},
  pages = {1297-1303},
  year = {2010},
  url = {https://doi.org/10.1101/gr.107524.110}
}

@article{neusomatic,
  title={Deep convolutional neural networks for accurate somatic mutation detection},
  author={Sahraeian, Sayed Mohammad Ebrahim and Liu, Ruolin and Lau, Bayo and Podesta, Karl and Mohiyuddin, Marghoob and Lam, Hugo YK},
  journal={Nature communications},
  volume={10},
  number={1},
  pages={1--10},
  year={2019},
  publisher={Nature Publishing Group}
}

@article{varscan2,
  title={VarScan 2: somatic mutation and copy number alteration discovery in cancer by exome sequencing},
  author={Koboldt, Daniel C and Zhang, Qunyuan and Larson, David E and Shen, Dong and McLellan, Michael D and Lin, Ling and Miller, Christopher A and Mardis, Elaine R and Ding, Li and Wilson, Richard K},
  journal={Genome research},
  volume={22},
  number={3},
  pages={568--576},
  year={2012},
  publisher={Cold Spring Harbor Lab}
}

@article{strelka2,
  title={Strelka2: fast and accurate calling of germline and somatic variants},
  author={Kim, Sangtae and Scheffler, Konrad and Halpern, Aaron L and Bekritsky, Mitchell A and Noh, Eunho and K{\"a}llberg, Morten and Chen, Xiaoyu and Kim, Yeonbin and Beyter, Doruk and Krusche, Peter and others},
  journal={Nature methods},
  volume={15},
  number={8},
  pages={591--594},
  year={2018},
  publisher={Nature Publishing Group}
}

@article{deepvariant,
  title = {A universal SNP and small-indel variant caller using deep neural networks},
  author = {Poplin, R. and Chang, P. and Alexander, D. and others },
  journal = {Nat Biotechnol},
  volume = {36},
  pages = {983-987},
  year = {2018},
  url = {https://doi.org/10.1038/nbt.4235}
}

@article{clairvoyante,
  title = {A multi-task convolutional deep neural network for variant calling in single molecule sequencing},
  author = {Luo, R. and Sedlazeck, F.J. and Lam, T. and others},
  journal = {Nat Column},
  volume = {10},
  pages = {998},
  year = {2019},
  url = {https://doi.org/10.1038/s41467-019-09025-z}
}

@article{lstm,
  title={Long short-term memory},
  author={Hochreiter, Sepp and Schmidhuber, J{\"u}rgen},
  journal={Neural computation},
  volume={9},
  number={8},
  pages={1735--1780},
  year={1997},
  publisher={MIT Press}
}

@article{gru,
  author    = {Kyunghyun Cho and
               Bart van Merrienboer and
               {\c{C}}aglar G{\"{u}}l{\c{c}}ehre and
               Fethi Bougares and
               Holger Schwenk and
               Yoshua Bengio},
  title     = {Learning Phrase Representations using {RNN} Encoder-Decoder for Statistical
               Machine Translation},
  journal   = {CoRR},
  volume    = {abs/1406.1078},
  year      = {2014},
  url       = {http://arxiv.org/abs/1406.1078}
}

@article{dropout,
  author  = {Nitish Srivastava and Geoffrey Hinton and Alex Krizhevsky and others},
  title   = {Dropout: A Simple Way to Prevent Neural Networks from Overfitting},
  journal = {Journal of Machine Learning Research},
  year    = {2014},
  volume  = {15},
  number  = {56},
  pages   = {1929-1958},
  url     = {http://jmlr.org/papers/v15/srivastava14a.html}
}

@incollection{pytorch,
title = {PyTorch: An Imperative Style, High-Performance Deep Learning Library},
author = {Paszke, A. and Gross, S. and Massa, F. and others},
booktitle = {Advances in Neural Information Processing Systems 32},
pages = {8024--8035},
year = {2019},
publisher = {Curran Associates, Inc.},
url = {http://papers.neurips.cc/paper/9015-pytorch-an-imperative-style-high-performance-deep-learning-library.pdf}
}
